@misc{he2017neural,
      title={Neural Collaborative Filtering}, 
      author={Xiangnan He and Lizi Liao and Hanwang Zhang and Liqiang Nie and Xia Hu and Tat-Seng Chua},
      year={2017},
      eprint={1708.05031},
      archivePrefix={arXiv},
      primaryClass={cs.IR}
}

@misc{he2018outer,
      title={Outer Product-based Neural Collaborative Filtering}, 
      author={Xiangnan He and Xiaoyu Du and Xiang Wang and Feng Tian and Jinhui Tang and Tat-Seng Chua},
      year={2018},
      eprint={1808.03912},
      archivePrefix={arXiv},
      primaryClass={cs.IR}
}

@misc{he2015deep,
      title={Deep Residual Learning for Image Recognition}, 
      author={Kaiming He and Xiangyu Zhang and Shaoqing Ren and Jian Sun},
      year={2015},
      eprint={1512.03385},
      archivePrefix={arXiv},
      primaryClass={cs.CV}
}

@misc{rendle2020neural,
      title={Neural Collaborative Filtering vs. Matrix Factorization Revisited}, 
      author={Steffen Rendle and Walid Krichene and Li Zhang and John Anderson},
      year={2020},
      eprint={2005.09683},
      archivePrefix={arXiv},
      primaryClass={cs.IR}
}